<?xml version="1.0" encoding="UTF-8"?><record xmlns="http://www.loc.gov/MARC21/slim" xmlns:cinclude="http://apache.org/cocoon/include/1.0" xmlns:zs="http://www.loc.gov/zing/srw/">
  <leader>00904cz  a2200205n  4500</leader>
  <controlfield tag="001">no2007017891</controlfield>
  <controlfield tag="003">DLC</controlfield>
  <controlfield tag="005">20160419075253.0</controlfield>
  <controlfield tag="008">070215n| azannaabn          |n aaa     c</controlfield>
  <datafield tag="010" ind1=" " ind2=" ">
    <subfield code="a">no2007017891</subfield>
  </datafield>
  <datafield tag="035" ind1=" " ind2=" ">
    <subfield code="a">(OCoLC)oca07330522</subfield>
  </datafield>
  <datafield tag="040" ind1=" " ind2=" ">
    <subfield code="a">ICU</subfield>
    <subfield code="b">eng</subfield>
    <subfield code="e">rda</subfield>
    <subfield code="c">ICU</subfield>
    <subfield code="d">ICU</subfield>
  </datafield>
  <datafield tag="100" ind1="1" ind2=" ">
    <subfield code="a">Jíšová, Kateřina</subfield>
  </datafield>
  <datafield tag="372" ind1=" " ind2=" ">
    <subfield code="a">Archives</subfield>
    <subfield code="2">lcsh</subfield>
  </datafield>
  <datafield tag="373" ind1=" " ind2=" ">
    <subfield code="a">Archiv hlavního města Prahy</subfield>
    <subfield code="2">naf</subfield>
  </datafield>
  <datafield tag="374" ind1=" " ind2=" ">
    <subfield code="a">Archivists</subfield>
    <subfield code="2">lcsh</subfield>
  </datafield>
  <datafield tag="375" ind1=" " ind2=" ">
    <subfield code="a">female</subfield>
  </datafield>
  <datafield tag="377" ind1=" " ind2=" ">
    <subfield code="a">cze</subfield>
  </datafield>
  <datafield tag="670" ind1=" " ind2=" ">
    <subfield code="a">Pozdně středověké testamenty v českých městech, 2006:</subfield>
    <subfield code="b">t.p. (Kateřina Jíšová) p. 273 (PhDr. Kateřina Jíšová, Archiv hlavního města Prahy)</subfield>
  </datafield>
  <datafield tag="670" ind1=" " ind2=" ">
    <subfield code="a">Archiv hlavního města Prahy WWW site, April 18, 2016: Kontakty page (PhDr. Kateřina Jišová, Ph.D., archivist in the Oddělení fondů novodobé správy [of the Archiv hlavního města Prahy)</subfield>
    <subfield code="u">http://www.ahmp.cz/index.html?mid=11</subfield>
  </datafield>
</record>